%%
%% WinShell 3.3.2.4
%% http://www.winshell.org/
%%

% Strings


% Preamble


% BibTeX Entries
@inproceedings{bausch:framework,
 address              = {421 N Woodland Blvd, Deland, FL 32723},
 author               = {David Bauschlicher, Steven Bauschlicher and Hala ElAarag},
 journal              = {CNS'11 Proceeding of the 14th Communications and Networking Symposium},
 organization         = {Dept. of Mathematics and Computer Science, Stetson University},
 pages                = {19-26},
 title                = {Framework for the Integration of Body Sensor Networks and Social Networks to Improve Health Awareness},
 year                 = {2011},
 }

@article{buettner:xmac,
 address              = {Boulder, CO},
 author               = {Michael Buettner, Gary V. Yee, Eric Anderson, Richard Han},
 journal              = {SenSys '06},
 month                = {November},
 organization         = {Department of Computer Science, University of Colorado, Boulder},
 publisher            = {ACM},
 title                = {X-Mac: A Short Preamble MAC Protocol for Duty-Cycled Wireless Sensor Networks},
 year                 = {2006},
 }

@inproceedings{burchfield:accel,
 address              = {Richardson, Texas 75080},
 author               = {T. Ryan Burchfield and S. Venkatesan},
 journal              = {HealthNet '07: Proceedings of the 1st ACM SIGMOBILE international workshop on systems and networking support for healthcare and assisted living environments},
 organization         = {Computer Engineering Program, University of Texas at Dallas},
 pages                = {67-69},
 publisher            = {ACM},
 title                = {Accelerometer-Based Human Abnormal Movement Detection in Wireless Sensor Networks},
 year                 = {2007},
 }

@article{campbell:noncompliance,
 address              = {Whiteladies Road, Bristol BS8 4SH, UK},
 author               = {R Campbell, M Evans, B Quilty, P Dieppe, and J L Donovan},
 journal              = {J Epidemiol},
 month                = {September},
 organization         = {Department of Social Medicine, University of Bristol},
 pages                = {132-138},
 title                = {Why don't patients do their exercises? Understanding non-compliance with physiotherapy in patients with osteoarthritis of the knee},
 year                 = {2000},
 }

@article{colton:filter,
 author               = {Shane Colton},
 organization         = {Dept. Mechanical Engineering, Massachussetes Institute of Technology},
 title                = {The Balance Filter: A Simple Solution for Integrating Accelerometer and Gyroscope Measurements for a Balancing Platform},
 year                 = {2007},
 }

@article{farringdon:sensorbadge,
 address              = {Cross Oak Lane, Redhill, Surrey, RH1 5HA UK},
 author               = {Jonny Farringdon, Andrew J. Moore, Nancy Tilbury, James Church and Pieter D. Biemond},
 journal              = {The Second International Conference on Social Eco-Informatics},
 organization         = {Philips Research Laboratories:Software Engineering and Application Group},
 title                = {Wearble Sensor Badge and Sensor Jacket for Context Awareness},
 }

@article{ganti:satire,
 address              = {Urbana, IL 61801-2302},
 author               = {Raghu K. Ganti, Praveen Jayachandran, Tarek F. Abdelzaher, John A. Stankovic},
 journal              = {MobiSys '06},
 month                = {June},
 organization         = {Dept. of Computer Science, University of Illinois, Urbana-Champaign},
 publisher            = {ACM},
 title                = {SATIRE: A Software Architecture for Smart AtTIRE},
 year                 = {2006},
 }

@article{gonzalez:exerciseheat,
 address              = {Uxbridge, Middlesex UB8 3PH, UK},
 author               = {Jose Gonzalez-Alonso, Craig G. Crandall, and John M Johnson},
 journal              = {J Physiol},
 month                = {September},
 organization         = {Centre for Sports Medicine and Human Performance, Brunel University},
 pages                = {45-53},
 title                = {The cardiovascular challenge of exercising in the heat},
 year                 = {2007},
 }

@article{jeffords:obesity,
 author               = {James M. Jeffords},
 organization         = {Vermont Legislative Research Service, The University of Vermont},
 title                = {Overall Costs of Obesity},
 }

@article{Jovanov:wban,
 address              = {Huntsville, Huntsville Alabama 35899 USA},
 author               = {Emil Jovanov, Aleksandar Milenkovic, Chris Otto and Piet C de Groen},
 journal              = {Journal of NeuroEngineering and Rehabilitation},
 month                = {March},
 organization         = {Electrical and Computer Engineering Department, University of Alabama},
 title                = {A wireless body area network of intelligent motion sensors for computer assisted physical rehabilitation},
 year                 = {2005},
 }

@article{kravitz:eMotivation,
 address              = {Albuquerque, New Mexico},
 author               = {Len Kravitz, Ph.D},
 month                = {September},
 organization         = {University of New Mexico},
 title                = {Exercise Motivation: What Starts and Keeps People Exercising?},
 }

@article{kravitz:motivation,
 author               = {Len Kravitz, Ph. D.},
 title                = {Exercise Motivation: What starts and Keeps People Exercising?},
 }

@article{lin:dandelion,
 address              = {Houston, TX},
 author               = {Felix Xiaoozhu Lin, Ahmad Rahmati and Lin Zhong},
 journal              = {Wireless Health '10},
 month                = {October},
 organization         = {Dept. of Computer Science and Dept. of Electrical and Computer Engineering, Rice University},
 title                = {Dandelion: A Framework for Transparently Programming Phone-Centered Wireless Body Sensor Applications for Health},
 year                 = {2010},
 }

@article{mulas:race,
 address              = {Ospedale 72 09124 Cagliari, Italy},
 author               = {Fabrizio Mulas, Paolo Pilloni, Salvatore Carta},
 journal              = {The Second International Conference on Social Eco-Informatics},
 organization         = {Dept. of Mathematics and Computer Science, University of Caliari},
 title                = {Everywhere Race!: A Social Mobile Platform for Sport Engagement and Motivation},
 year                 = {2012},
 }

@article{park:dancers,
 author               = {Chulsung Park, Pai H. Chou and Yicun Sun},
 journal              = {Pervasive Computing and Communications (PerCom)},
 month                = {March},
 organization         = {Center for Embedded Computer Systems, University of California, Irvine},
 publisher            = {IEEE},
 title                = {A Wearable Wireless Sensor Platform for Interactive Dance Performances},
 year                 = {2006},
 }

@article{plante:exercisewithanother,
 author               = {Thomas G. Plante, Laura Coscarelli, and Maire Ford},
 journal              = {Internation Journal of Stress Management},
 organization         = {Department of Psychology, Santa Clara University},
 publisher            = {Human Sciences Press, Inc.},
 title                = {Does Exercising with Another ENhance the Stress-Reducing Benefits of Exercise?},
 year                 = {2001},
 }

@article{seeger:healthass,
 author               = {Christian Seeger, Alejandro Buchmann, Kristof Van Laerhoven},
 journal              = {BodyNets},
 month                = {November},
 organization         = {Technische Universität Darmstadt},
 title                = {myHealthAssistant: A Phone-based Body Senesor Network that Captures the Wearer's Exercises throughout the Day},
 year                 = {2011},
 }

@online{sixtostart:zrun,
 author               = {Six to Start},
 title                = {Zombies, Run!},
 url                  = {https://www.zombiesrungame.com/},
 }

@article{varkey:human,
 address              = {New Brunswick, NJ},
 author               = {John Paul Varkey, Dario Pompili, Theodore A. Walls},
 journal              = {Pers Ubiquit Comput},
 organization         = {Dept. of Electrical and Computer Engineering, Rutgers University},
 publisher            = {Springer-Verlag London Limited 2011},
 title                = {Human motion recognition using a wireless sensor-based wearable system},
 year                 = {2011},
 }

@article{vickey:fitnesstwitter,
 author               = {Theodore A. Vickey, Nancey Trevanian Tsai, MD and John G.  Breslin},
 organization         = {National University of Ireland Galway, Medical  University of South Carolina},
 title                = {Mobile Fitness Apps and Twitter- A Systemic Review},
 }

@article{vickey:twitterstudy,
 address              = {Galway},
 author               = {Theodore A. Vickey, John G. Breslin},
 journal              = {AAAI Technical Report},
 month                = {December},
 organization         = {Digitical Enterprise Research Institute/ School of Engineering and Informatics, National University of Ireland},
 title                = {A Study on Twitter Usage for Fitness Self-Reporting via  Mobile Apps},
 year                 = {2005},
 }

@article{zeng:micro,
 address              = {Columbus, OH 43210},
 author               = {Hansong Zeng and Yi Zhao},
 edition              = {1},
 journal              = {Sensors 2011},
 month                = {January},
 organization         = {Laboratory for Biomedical Microsystems, Department of Biomedical Engineering, The Ohio State University},
 pages                = {638-660},
 title                = {Sensing Movement: Microsensors for Body Motion Measurement},
 volume               = {11},
 year                 = {2011},
 }

@article{zhang:KHMeans,
 author               = {Bin Zhang},
 organization         = {Hewlett-Packard Laboratories},
 title                = {Generalized K-Harmonic Means- Dynamic Weighting of Data in  Unsupervised Learning},
 }
